<?xml version="1.0" encoding="UTF-8"?><collection><record><leader>06103ntm a2200529 a 4500</leader><controlfield tag="001">005968622</controlfield><controlfield tag="003">MiAaHDL</controlfield><controlfield tag="005">20190719000000.0</controlfield><controlfield tag="006">m        d        </controlfield><controlfield tag="007">cr bn ---auaua</controlfield><controlfield tag="008">090324s17uu    xx            00| ||ara d</controlfield><datafield tag="035" ind1=" " ind2=" "><subfield code="a">(MiU)005968622</subfield></datafield><datafield tag="035" ind1=" " ind2=" "><subfield code="a">sdr-miu005968622</subfield></datafield><datafield tag="040" ind1=" " ind2=" "><subfield code="a">MiU</subfield><subfield code="c">MiU</subfield></datafield><datafield tag="100" ind1="0" ind2=" "><subfield code="6">880-01</subfield><subfield code="a">Naṣīr al-Dīn Nabī ibn Mursil al-Tūqātī.</subfield></datafield><datafield tag="240" ind1="1" ind2="0"><subfield code="6">880-02</subfield><subfield code="a">Tafsīr-i Nabī.</subfield><subfield code="k">Selections</subfield></datafield><datafield tag="245" ind1="1" ind2="0"><subfield code="6">880-03</subfield><subfield code="a">[Fuṣūl al-mufaṣṣal,</subfield><subfield code="f">18th century?].</subfield></datafield><datafield tag="246" ind1="3" ind2=" "><subfield code="a">كتاب الفصول في علم التذكير من نوع الحديث وفن التفسير</subfield></datafield><datafield tag="246" ind1="3" ind2="8"><subfield code="a">فصول مفصل</subfield></datafield><datafield tag="246" ind1="3" ind2=" "><subfield code="i">Title from inscription on opening leaf of table of contents (p.3):</subfield><subfield code="a">فصول مفصل جلد اول</subfield></datafield><datafield tag="260" ind1=" " ind2=" "><subfield code="c">[17--?].</subfield></datafield><datafield tag="300" ind1=" " ind2=" "><subfield code="a">434 leaves :</subfield><subfield code="b">paper ;</subfield><subfield code="c">161 x 111 (113 x 55) mm.</subfield></datafield><datafield tag="500" ind1=" " ind2=" "><subfield code="a">Shelfmark: Ann Arbor, University of Michigan, Special Collections Library, Isl. Ms. 14</subfield></datafield><datafield tag="500" ind1=" " ind2=" "><subfield code="a">Origin: Lacks dated colophon ; paper suggests late 17th or early 18th century.</subfield></datafield><datafield tag="500" ind1=" " ind2=" "><subfield code="a">Accompanying materials: Scrap with writing between pp.246-247.</subfield></datafield><datafield tag="500" ind1=" " ind2=" "><subfield code="a">Former shelfmark: British Museum, London "No. 95. Fusul mufassal."</subfield></datafield><datafield tag="500" ind1=" " ind2=" "><subfield code="a">Binding: Pasteboard(s) covered in dark red brown leather ; Type II binding (with flap, now lost) ; board linings in yellow-tinted laid paper ; upper cover bears blind-stamped scalloped mandorla (compare Déroche class. OSd) along with tooled border in a series of s-shaped stamps ; sewn in cream thread, two stations ; worked chevron endbands in light yellow and cream, intact ; overall in quite poor condition with lower cover and flap entirely lost, some abrasion, lifting and losses of leather, loss of flap, delamination of boards, etc. ; housed in box for protection.</subfield></datafield><datafield tag="500" ind1=" " ind2=" "><subfield code="a">Support: European laid paper mainly with 11 laid lines per cm. (horzontal), chain lines spaced 24 mm. apart (vertical), and grapes with bar above (carrying initials) watermark ; another type of European laid paper with 12-13 laid lines per cm. (horizontal), chain lines spaced 24 mm. apart (horizontal) and coat of arms watermark with cross flanked by lions above two circles also appears ; well-burnished.</subfield></datafield><datafield tag="500" ind1=" " ind2=" "><subfield code="a">Decoration: Keywords, section headings, and abbreviation symbols rubricated ; textual dividers in the form of red discs ; overlining in red.</subfield></datafield><datafield tag="500" ind1=" " ind2=" "><subfield code="a">Script: Naskh ; clear, though at times somewhat unsteady, Turkish hand ; partially serifed with right-sloping head serifs appearing irregularly on joined alif, lām of definite article, etc. ; effect of tilt to the left ; pointing mainly in distinct dots ; rounded and freely ligatured ; adheres fairly closely to horizontal though occasional superscripting or very slight effect of words descending to baseline.</subfield></datafield><datafield tag="500" ind1=" " ind2=" "><subfield code="a">Layout: Written in 15 lines per page ; frame-ruled.</subfield></datafield><datafield tag="500" ind1=" " ind2=" "><subfield code="a">Collation: V-2+IV (16), 14 V(156), IV (164), 27 V(434) ; chiefly quinions ; quaternion carrying table of contents inserted in opening anomalous quinion ; p.461 left partially blank ; p.462 and final three leaves left blank ; lacks proper catchwords though last word of final line on the verso of each leaf is usually repeated at the beginning of the first line on the following recto ; foliation in red ink, Hindu-Arabic numerals ; pagination in pencil, Western numerals, supplied during digitization (skips two pages each between pp.125-126, pp.315-316, pp.825-826 and pp.827-828 ; repeats p.691 and p.720 twice).</subfield></datafield><datafield tag="500" ind1=" " ind2=" "><subfield code="a">Explicit: "آمين يا آله العالمين ويا خير الناصرين برحمتك يا ارحم الراحمين"</subfield></datafield><datafield tag="500" ind1=" " ind2=" "><subfield code="a">Incipit: "البحر مداد الكلمات ربي لنفد البحر الآية ولكن ما لا يدركه كله لا يتركه كله تمت فصل في فضائل الفاتحة عن رسول الله صلى الله تعالى عليه وسلم انه قال لابي بن كعب الا اخبرك بسورة لم تنزل في التورية والانجيل والزبور والقرآن مثلها"</subfield></datafield><datafield tag="500" ind1=" " ind2=" "><subfield code="a">Title supplied by cataloguer.</subfield></datafield><datafield tag="500" ind1=" " ind2=" "><subfield code="a">Ms. codex.</subfield></datafield><datafield tag="520" ind1="8" ind2=" "><subfield code="a">Fine copy (perhaps an odd first volume) of assorted excerpts from a commentary on the Qurʼān by Naṣīr al-Dīn Nabī ibn Mursil al-Tūqātī. Lacks introductory matter ; opens in Faḍāʼil Sūrat al-Fātiḥah.</subfield></datafield><datafield tag="538" ind1=" " ind2=" "><subfield code="a">Mode of access: Internet.</subfield></datafield><datafield tag="541" ind1=" " ind2=" "><subfield code="c">Purchase ;</subfield><subfield code="a">Acquired by purchase (funds donated by Horace Rackham).</subfield><subfield code="d">1924.</subfield></datafield><datafield tag="546" ind1=" " ind2=" "><subfield code="a">Arabic.</subfield></datafield><datafield tag="561" ind1=" " ind2=" "><subfield code="a">Bookplate of British Museum, London on interior of upper cover, "British Museum, London. No. 95. Fusul mufassal." ; circular seal impression with figure of goat/gazelle in purple ink as well as inscription "414" in Western numerals on opening leaf (p.1) ; on paper (blue-tinted) pasted on opening leaf of table of contents (p.3), a detailed waqf statement in the name of al-Sayyid ʻAbd Allāh Adīb (Abdullah Edip), known as Jannatʹzādah (Cennet-zade), qāḍī of Erzurum, accompanied by his seal, reads: "وقفت وقفا صحيحا شرعيا على ان لا يخرج من بيت الكتب الملتصق بداري الا لعلماء سكنوا بارضروم بكفيل مرعى اورهن قوي وانا الفقير اليه عز شانه السيد عبد الله اديب الشهير بجنت زاده القاضي بمدينة ارضروم في سنة اثنى وستين ومائتين والف" ; also occasional brief statements in purple ink in margins "وقف جنت زاده" ; occasional glosses and marginal corrections ; occasional notabilia (sideheads).</subfield></datafield><datafield tag="630" ind1="0" ind2="0"><subfield code="a">Qurʼan</subfield><subfield code="v">Commentaries</subfield><subfield code="v">Early works to 1800.</subfield></datafield><datafield tag="650" ind1=" " ind2="0"><subfield code="a">Manuscripts, Arabic</subfield><subfield code="z">Michigan</subfield><subfield code="z">Ann Arbor.</subfield></datafield><datafield tag="650" ind1=" " ind2="0"><subfield code="a">Hadith</subfield><subfield code="x">Criticism, interpretation, etc.</subfield><subfield code="v">Early works to 1800.</subfield></datafield><datafield tag="773" ind1="0" ind2=" "><subfield code="a">Tiflis Collection.</subfield></datafield><datafield tag="880" ind1="1" ind2="0"><subfield code="6">245-03/</subfield><subfield code="a">[فصول المفصل,</subfield><subfield code="f">القرن 18م؟].</subfield></datafield><datafield tag="880" ind1="1" ind2="0"><subfield code="6">240-02/</subfield><subfield code="a">تفسير نبي.</subfield><subfield code="k">مختارات</subfield></datafield><datafield tag="880" ind1="0" ind2=" "><subfield code="6">100-01/</subfield><subfield code="a">نصير الدين نبي بن مرسل التوقاتي.</subfield></datafield><datafield tag="CID" ind1=" " ind2=" "><subfield code="a">005968622</subfield></datafield><datafield tag="DAT" ind1="0" ind2=" "><subfield code="a">20190719102633.0</subfield><subfield code="b">20190719000000.0</subfield></datafield><datafield tag="DAT" ind1="1" ind2=" "><subfield code="a">20190719090653.0</subfield><subfield code="b">2019-07-19T16:11:07Z</subfield></datafield><datafield tag="DAT" ind1="2" ind2=" "><subfield code="a">2015-10-10T18:00:06Z</subfield></datafield><datafield tag="CAT" ind1=" " ind2=" "><subfield code="a">SDR-MIU</subfield><subfield code="d">EX LIBRIS - ALEPH</subfield><subfield code="l">prepare.pl-004-008</subfield></datafield><datafield tag="FMT" ind1=" " ind2=" "><subfield code="a">BK</subfield></datafield><datafield tag="HOL" ind1=" " ind2=" "><subfield code="0">sdr-miu005968622</subfield><subfield code="a">MiU</subfield><subfield code="b">SDR</subfield><subfield code="c">MIU</subfield><subfield code="p">mdp.39015079105261</subfield><subfield code="s">MIU</subfield><subfield code="1">005968622</subfield></datafield><datafield tag="974" ind1=" " ind2=" "><subfield code="b">MIU</subfield><subfield code="c">MIU</subfield><subfield code="d">20190719</subfield><subfield code="s">lit-dlps-dc</subfield><subfield code="u">mdp.39015079105261</subfield><subfield code="y">1799</subfield><subfield code="r">pd</subfield><subfield code="q">bib</subfield><subfield code="t">non-US bib date1 &lt; 1879</subfield></datafield></record></collection>